

@article{Carrillo2016,
 author = {J. R. Nicol\'as-Carlock, J. L. Carrillo-Estrada and V. Dossetti},
 title = "{Fractality \`a la carte: a general particle aggregation model}",
 journal = {Scientific reports},
 volume = {6},
 number = {19505},
 pages = {},
 year = {2016},
 doi = {10.1038/srep19505(2016)},
 url = {},
 }
 
 @book{Mustafa1996,
 title={Fractal Geometry in Biological Systems: An Analytical Approach},
 author={Philip M. Iannaccore, Mustafa Khokha},
 isbn={0-8493-7636-X},
 year={1996},
 publisher={CRP Press, Inc.},
 doi={},
 }

@book{Vicsek1992,
 title={Fractal Growth Phenomena},
 author={Tam√°s Vicsek},
 isbn={9789810296178},
 year={1992},
 publisher={World Scientific Publishing Company},
 doi={},
 }

@book{Meakin1998,
 title={Fractals, Scaling and Growth Far from Equilibrium},
 author={Meakin Paul},
 isbn={0-521-45253-8},
 year={1998},
 publisher={Cambridge University Press},
 doi={},
 }



